@inbook{Thoreau1975,
   author = {Henry David Thoreau},
   city = {Princeton, N.J.},
   editor = {Joseph J. Moldenhauer and Edwin Moser and Alexander C. Kern},
   isbn = {0691062862 :},
   issue = {Princeton, N.J.},
   journal = {Early essays and miscellanies},
   keywords = {Humanities | English Language and Literature},
   note = {Includes index.},
   publisher = {Princeton University Press},
   title = {The Commercial Spirit of Modern Times},
   year = {1975},
}

@Book{StataCorp2021:2,
  author = {{StataCorp}},
  city = {College Station, TX},
  publisher = {Stata Press},
  title = {Stata 17 Multilevel Mixed Effects Reference Manual},
  year = {2021},
}
